@article{rackauckas2017differentialequations,
  title     = {Differentialequations.jl--a performant and feature-rich ecosystem for solving differential equations in julia},
  author    = {Rackauckas, Christopher and Nie, Qing},
  journal   = {Journal of Open Research Software},
  volume    = {5},
  number    = {1},
  year      = {2017},
  publisher = {Ubiquity Press}
}